%% This BibTeX bibliography file was created using BibDesk.
%% http://bibdesk.sourceforge.net/


%% Created for ljama at 2013-12-30 03:51:27 +0100 


%% Saved with string encoding Unicode (UTF-8) 



@article{bwt1,
	Author = {Burrows, Michael; Wheeler, David J. },
	Date-Added = {2013-12-30 02:47:34 +0000},
	Date-Modified = {2013-12-30 02:48:16 +0000},
	Journal = {Technical Report 124, Digital Equipment Corporation},
	Title = {A block sorting lossless data compression algorithm},
	Year = {1994}}

@article{rrr2,
	Author = {Francisco Claude, Gonzalo Navarro},
	Date-Added = {2013-12-30 02:18:16 +0000},
	Date-Modified = {2013-12-30 02:18:46 +0000},
	Title = {Practical Rank/Select Queries over Arbitrary Sequences}}

@article{rrr1,
	Author = {R. Raman, V. Raman, S. Srinivasa Rao},
	Date-Added = {2013-12-30 02:17:03 +0000},
	Date-Modified = {2013-12-30 02:17:42 +0000},
	Journal = {SODA},
	Pages = {233-242},
	Title = {Succinct indexable dictionaries with applications to encoding k-ary trees and multisets},
	Year = {2002}}

@article{wavelet,
	Author = {R. Grossi, A. Gupta, J. Vitter},
	Date-Added = {2013-12-30 01:31:49 +0000},
	Date-Modified = {2013-12-30 01:54:11 +0000},
	Journal = {In Proceedings of the 14th annual ACM-SIAM symposium on Discrete algorithms},
	Pages = {841-850},
	Title = {High-order entropy-compressed text indexes},
	Year = {2003}}
