@PHDThesis{mg2009,
	author = "Michael Gordon",
	title = "Compiler Techniques for Scalable Performance of Stream Programs on Multicore Architectures",
	school = "MIT",
	year = "2010"
}

@PHDThesis{jk2009,
	author = "Josip Knezović",
	title = "Streaming model architecture for image and video processing",
	school = "FER",
	year = "2009"
}

@MISC{gpgpu,
	title = "General-Purpose Computation on Graphics Hardware: http://gpgpu.org/",
	month = may,
	year = "2012",
	url = \url{"http://gpgpu.org/"}
}

@manual{st2006 ,
  title =        {StreamIt Cookbok},
  author = {StreamIt project},
  organization = {MIT CAG group},
  month =        {September},
  year =         {2006},
  source =       \url{{http://cag.csail.mit.edu/streamit/papers/streamit-cookbook.pdf}}

@TECHREPORT{sponge,
	title = "Sponge: Portable Stream Programming on Graphics Engines",
	year = "2011",
	author = "Amir Hormati and Mehrzad Samadi and Mark Woh and Trevor Mudge and Scott Mahlke",
	school = "University of Michigan"
}

@Book{CudaKnjiga,
  author = "J. Sanders and E. Kandrot",
  title = "CUDA by example : an introduction to general-purpose GPU programming",
  publisher = "Addison-Wesley",
  year = "2011"
}

@Article{jpeg2,
	title = "Benchmarking data and compute intensive applications on modern CPU and GPU architectures",
	author = "Miłosz Ciznickia and Michał Kierzynkaa and Piotr Koptaa and Krzysztof Kurowskia and Paweł Gepnerb"
	year = "2012",
}

@Article{fractal,
	title = "Parallel fractal compression for medical imaging",
	author = "Jacob Toft Pedersen"
	year = "2010",
}

@Article{ctviz,
	title = "Visualization and GPU-accelerated simulation of medical ultrasound from CT images",
	author = "Oliver Kuttera, Ramtin Shamsb, Nassir Navaba"
	year = "2009",
}

@InProceedings(Tarditi_06,
  author = "David Tarditi and Sidd Puri and Jose Oglesby",
  title = {{Accelerator: Using Data-Parallelism To Program Gpus For
General-Purpose Uses}},
  crossref = "asplos:2006")


@article{Owens:07,
	author = {Owens and John, D. and Luebke and David and Govindaraju and Naga and Harris and Mark and Kruger and Jens and Lefohn and Aaron, E. and Purcell and Timothy, J.},
	citeulike-article-id = {1187394},
	citeulike-linkout-0 = {http://dx.doi.org/10.1111/j.1467-8659.2007.01012.x},
	citeulike-linkout-1 = {http://www.ingentaconnect.com/content/bpl/cgf/2007/00000026/00000001/art00009},
	citeulike-linkout-2 = {http://www3.interscience.wiley.com/cgi-bin/abstract/118494343/ABSTRACT},
	doi = {10.1111/j.1467-8659.2007.01012.x},
	issn = {0167-7055},
	journal = {Computer Graphics Forum},
	keywords = {2007, applications, gpu, parallel\_computing, survey},
	month = {March},
	number = {1},
	pages = {80--113},
	posted-at = {2009-02-18 14:17:54},
	priority = {1},
	publisher = {Blackwell Publishing},
	title = {{A Survey of General-Purpose Computation on Graphics Hardware}},
	url = \url{http://dx.doi.org/10.1111/j.1467-8659.2007.01012.x},
	volume = {26},
	year = {2007}
}

@ARTICLE{Nickolls_07,
  author =       {J. Nickolls and I. Buck},
  title =        {{CUDA Software and GPU Parallel Computing Architecture}},
  JOURNAL =      {Microprocessor Forum},
  YEAR =         {2007},
  month =        {May}
}

@CONFERENCE{Knezovic:06,
  author =       "Knezovi\'c, Josip AND Kova\v{c}, Mario AND Mlinari\'c, Hrvoje",
  title =        "Classification and Blending Prediction for Lossless Image Compression",
  booktitle =    {Electronic Proceedings 13th IEEE Mediterranean Electrotechnical Conference},
  year =         {2006},
  address =      {Malaga, Spain}
}

@ARTICLE{Knezovic:07,
  author =       {Knezovi\'c, Josip and Kova\v{c}, Mario and Klapan, Ivica and Mlinari\'c, Hrvoje and Vranje\v{s}, \v{Z}eljko and Lukinovi\'c, Juraj and Raki\'c, Mladen},
  title =        {Application of novel lossless compression of medical images using prediction and contextual error modeling},
  JOURNAL =      {Collegium antropologicum},
  YEAR =         {2007},
  volume =       {31},
  number =       {4},
  pages =        {1143--1150}
}

@CONFERENCE{McCool_06,
  author =       {Michael D. McCool},
  title =        {{Data-Parallel Programming on the Cell BE and the GPU using the RapidMind Development Platform}},
  booktitle =    {GSPx Multi-core Applications Conference},
  year =         {2006}
}

@article{McCool:08,
	author = {Mccool, M. D.},
	booktitle = {Proceedings of the IEEE},
	citeulike-article-id = {2767458},
	citeulike-linkout-0 = {http://dx.doi.org/10.1109/JPROC.2008.917731},
	citeulike-linkout-1 = {http://ieeexplore.ieee.org/xpls/abs_all.jsp?arnumber=4490125},
	doi = {10.1109/JPROC.2008.917731},
	journal = {Proceedings of the IEEE},
	keywords = {cell, models, parallel},
	number = {5},
	pages = {816--831},
	posted-at = {2008-11-07 14:42:24},
	priority = {2},
	title = {{Scalable Programming Models for Massively Multicore Processors}},
	url = \url{http://dx.doi.org/10.1109/JPROC.2008.917731},
	volume = {96},
	year = {2008}
}

@MISC{LibSh,
  author =       {Sh metaprogramming language homepage: http://libsh.org/},
  title =       \url{http://libsh.org/},
  year =         {2013},
  month =        {Travanj}
}



@article{Keckler:11,
 author = {Keckler, Stephen W. and Dally, William J. and Khailany, Brucek and Garland, Michael and Glasco, David},
 title = {GPUs and the Future of Parallel Computing},
 journal = {IEEE Micro},
 issue_date = {September 2011},
 volume = {31},
 number = {5},
 month = sep,
 year = {2011},
 issn = {0272-1732},
 pages = {7--17},
 numpages = {11},
 url = \url{http://dx.doi.org/10.1109/MM.2011.89},
 doi = {10.1109/MM.2011.89},
 acmid = {2068522},
 publisher = {IEEE Computer Society Press},
 address = {Los Alamitos, CA, USA},
 keywords = {Parallel-computer architecture, GPU, energy-efficient computing},
}


@online{CUDAHOME,
  title =       {{CUDA homepage: http://www.nvidia.com/object/cuda\_home\_new.html}},
  url =        \url{http://www.nvidia.com/object/cuda_home_new.html},
  year =         {2013},
  month =        {Travanj}
}

@online{openclhome,
  title =       {OpenCL homepage: http://www.khronos.org/opencl},
  link =        \url{http://www.khronos.org/opencl},
  year =         {2013},
  month =        {Travanj}
}



@article{Sruk:02,
	author = {Klapan I AND Simicić Lj AND Pasarić K AND Vlahusić A AND Risavi R AND Sruk V AND Schwarz D AND Barisić J.},
	title = {{Realtime transfer of live video images in parallel with three-dimensional modelling of the surgical field in computer-assisted telesurgery}},
	url = \url{http://www.ncbi.nlm.nih.gov/pubmed/12097173},
	year = {2002}
}



@article{Knezovic:08,
	author = {Knezović, Josip and Kovač, Mario and Klapan, Ivica and Mlinarić, Hrvoje and Vranješ, Željko and Lukinović, Juraj and Rakić, Mladen},
	title = {{Application of novel lossless compression of medical images using prediction and contextual error modeling}},
	url = \url{http://hrcak.srce.hr/index.php?show=clanak&id_clanak_jezik=42709},
	year = {2008},
	journal = {Collegium antropologicum}
}


@article{Knezovic:007,
	author = {Knezović, Josip; Kovač, Mario; Žagar, Martin},
	title = {{Lossless Predictive Algorithm for Medical Image Compression}},
	year = {2007},
	journal = {Medical Image Understanding and Analysis Conference}
}


@article{Tariq:12,
	author = {Tariq Rahim Soomro and Muhammad Sarwar},
	title = {{Green Computing: From Current to Future Trends}},
	year = {2012},
	journal = {World Academy of Science, Engineering and Technology}
}


@article{Klapan:06,
	author = {Klapan Ivica},
	title = {COMPUTER ASSISTED SURGERY AND TELESURGERY  IN OTORHINOLARYNGOLOGY},
	journal = {Ear, Nose, Throad Journal},
	year = {2006},
    volume = "85(5)",
    pages = "318--321"
}

@MISC{Wu:95,
  author =       {{X. Wu, N. Memon, K. Sayood}},
  title =        {{A Context--Based, Adaptive, Lossless/nearly--lossless Coding Scheme for Continuous--Tone Images}},
  howpublished = "ISO Working Document ISO/IEC/ SC29/WG1/N256",
  year =         "1995"
}

@ARTICLE{Wu:97,
  author =       {X. Wu},
  title =        {{Lossless Compression of Continuous-tone Images via Context Selection, Quantization, and Modeling}},
  JOURNAL =      "IEEE Transactions On Image Processing",
  YEAR =         "1997",
  volume =       "6(5)",
  pages =        "~656--664",
}

@ARTICLE{Weinberger:98,
  author =       {{M.J. Weinberger, G. Seroussi, G. Sapiro}},
  title =        {{The LOCO--I Lossless Image Compression Algorithm: Principles and Standardization into JPEG--LS}},
  JOURNAL =      "HP Laboratories Technical Report",
  YEAR =         "1998",
  volume =       "HPL-98-198"
}


@MISC{Barre,
  author =       {{S. Barr\'e Medical Image Samples}},
  title =        {\url{http://www.barre.nom.fr/medical/samples/}},
  howpublished = "WWW",
  year =         "2004"
}

@CONFERENCE{Meyer:97,
  author =       {{B. Meyer, P. Tischer}},
  title =        {{TMW -- a New Method for Lossless Image Compression}},
  booktitle =    {{Proc. of the 1997 International Picture Coding Symposium}},
  year =         {1997},
  address =      {Berlin, Germany},
  publisher =    {VDE--Verlag}
}

@INPROCEEDINGS{Wu:00,
  author =       {{X. Wu, P.A. Chou, X. Xue}},
  title =        {{Minimum Conditional Entropy Context Quantization}},
  BOOKtitle =    {{Proc. Int. Symposium on Information Theory}},
  YEAR =         "2000"
}

@INPROCEEDINGS{Cruz:00,
  author =       {{D. Santa--Cruz, T. Ebrahimi, J. Askelof, M. Larsson, C. Christopoulos}},
  title =        {{JPEG 2000 still image coding versus other standards}},
  BOOKtitle =    "Proc. of the SPIE's $45^{th}$ annual meeting, Applications of Digital Image Processing XXIII",
  YEAR =         "2000",
  volume =       "4115",
  pages =        "446--454",
  address =      "San Diego, California",
  month =        "August"
}


@article{Huang:11,
	author = {Huang, H.K.},
	title = {{Short history of PACS. Part I: USA}},
	year = {2011},
	journal = {European Journal of Radiology}
}

@article{Ross:09,
	author = {Peeter Ross, Ruth Sepper, Hanna Pohjonen},
	title = {{Cross-border teleradiology—Experience from two international teleradiology projects}},
	year = {2009},
	journal = {European Journal of Radiology}
}

@article{Barneveld:10,
	author = {F.H. Barneveld Binkhuysen, E.R. Ranschaert},
	title = {{Teleradiology: Evolution and concepts}},
	year = {2010},
	journal = {European Journal of Radiology}
}


@article{Zhang:10,
	author = {Yan Zhang, Nirwan Ansari},
	title = {{Green Data Centers}},
	year = {2013},
	journal = {Handbook of Green Information and Communication Systems}
}

@article{San:08,
	author = {Murugesan, San },
	title = {{Harnessing Green IT: Principles and Practices}},
	year = {2008},
	journal = {IT Professional}
}

@article{Liu:09,
	author = { 	Liang Liu and  Hao Wang and Xue Liu and Xing Jin and  Wen Bo He and Qing Bo Wang and Ying Chen},
	title = {{GreenCloud: a new architecture for green data center}},
	year = {2009},
	journal = {ICAC-INDST '09 Proceedings of the 6th international conference industry session on Autonomic computing and communications industry session}
}

@ONLINE{dicom,
title = {DICOM homepage: http://dicom.nema.org/},
month = {Travanj},
year = {2013},
url = \url{http://dicom.nema.org/}
}

@ONLINE{nifti,
title = {NIfTI homepage: http://nifti.nimh.nih.gov/},
month = {Travanj},
year = {2013},
url = \url{http://nifti.nimh.nih.gov/}
}

@ONLINE{amp,
title = {AMP homepage: http://msdn.microsoft.com/en-us/library/vstudio/hh265137.aspx},
month = {Travanj},
year = {2013},
url = \url{http://msdn.microsoft.com/en-us/library/vstudio/hh265137.aspx}
}


@ONLINE{cudaguide,
title = {CUDA C Programming Guide},
month = {Travanj},
year = {2013},
url = \url{http://docs.nvidia.com/cuda/cuda-c-programming-guide/index.html}
}


@ARTICLE{Knezovic:12,
  author =       {Knezovi\'c, Josip AND \v{Z}agar, Martin AND Mlinari\'c, Hrvoje},
  title =        {Software System for Efficient Lossless Compression of Medical Images},
  JOURNAL =      {Collegium antropologicum, prihvaćen za objavljivanje},
}


@ARTICLE{Buck:04,
  author =       {I. Buck and T. Foley and D. Horn and J. Sugerman and K. Mike and H. Pat},
  title =        {{Brook for GPUs: Stream Computing on Graphics Hardware}},
  JOURNAL =      {ACM Transactions on Graphics},
  YEAR =         {2004},
  volume =       {23},
  number =       {3},
  pages =        {777--786},
  month =        {August}
}


@ARTICLE{Seemann:97,
  author =       {T. Seemann and P. Tischer},
  title =        {{Genralized locally adaptive DPCM}},
  JOURNAL =      {Proc. IEEE Data Compression Conference (DCC’97)},
  YEAR =         {1997},
  pages =        {473-488},
  month =        {March}
}


@book{Gaster:2012,
  title={{Heterogeneous Computing with OpenCL}},
  author={Gaster, B.R. and Howes, L. and Kaeli, D.R. and Mistry, P. and Schaa, D.},
  isbn={9780124058941},
  lccn={2012037846},
  series={Morgan Kaufmann},
  url={http://books.google.hr/books?id=xS5BWOUYucMC},
  year={2012},
  publisher={Elsevier Science \& Technology Books}
}

@PHDTHESIS{Thies:PhD:09,
  author =       {William Thies},
  title =        {Language and Compiler Support for Stream Programs},
  SCHOOL =       {Massachusetts Institute Of Technology},
  YEAR =         {2009},
  type =         {PhD Thesis},
  address =      {Cambrige, MA}
}


@Book{strategija,
  title = "Nacionalna strategija razvoja zdravstva",
  year = "2011"
}
